@article{alvarez2013twenty,
title={Twenty years of performance-based fire protection design: challenges faced and a look ahead},
author={Alvarez, A. and Meacham, B.J. and Dembsey, N.A. and Thomas, J.R.},
journal={Journal of Fire Protection Engineering},
volume={23},
number={4},
pages={249--276},
year={2013},
publisher={SAGE Publications Sage UK: London, England}
}

@article{batiot2016sensitivity,
title={Sensitivity and uncertainty analysis of Arrhenius parameters in order to describe the kinetics of solid thermal degradation during fire phenomena},
author={Batiot, B. and Rogaume, T. and Collin, A. and Richard, F. and Luche, J.},
journal={Fire Safety Journal},
volume={82},
pages={76--90},
year={2016},
publisher={Elsevier}
}

@techreport{Beaulieu2007Parallel,
title={Parallel Panel Experiments of FRP Composites},
author={Beaulieu, P.A.},
institution={FM Global},
type={Technical Report},
number={0003024286},
address={Norwood, Massachusetts},
year={2007}
}


@article{brown2018proceedings,
title={Proceedings of the first workshop organized by the {IAFSS} Working Group on Measurement and Computation of Fire Phenomena ({MaCFP})},
author={Brown, A. and Bruns, M. and Gollner, M. and Hewson, J. and Maragkos, G. and Marshall, A. and McDermott, R. and Merci, B. and Rogaume, T. and Stoliarov, S. and Torero, J.L. and Trouv{\'e}, A. and Wang, Y. and Weckman, E.},
journal={Fire safety journal},
volume={101},
pages={1--17},
year={2018},
publisher={Elsevier}
}

@article{bruns2016inferring,
title={Inferring and propagating kinetic parameter uncertainty for condensed phase burning models},
author={Bruns, M.C.},
journal={Fire Technology},
volume={52},
number={1},
pages={93--120},
year={2016},
publisher={Springer}
}

@article{chaudhari2021experimental,
  title={Experimental analysis and modeling of Buoyancy-driven flame spread on cast poly (methyl methacrylate) in corner configuration},
  author={Chaudhari, D.M. and Fiola, G.J. and Stoliarov, S.I.},
  journal={Polymer Degradation and Stability},
  volume={183},
  pages={109433},
  year={2021},
  publisher={Elsevier}
}

@article{consalvi2008numerical,
title={Numerical Analysis of the Heating Process in Upward Flame Spread Over Thick {PMMA} Slabs},
author={Consalvi, J.-L. and Pizzo, Y. and Porterie, B.},
journal={Fire Safety Journal},
volume={43},
number={5},
pages={351-362},
year={2008},
publisher={Elsevier}
}

@article{emmons1986needed,
title={The needed fire science},
author={Emmons, H.W.},
journal={Fire Safety Science},
volume={1},
pages={33--53},
year={1986}
}

@article{emmons1994letter,
title={Letter to the Editor},
author={Emmons, H.W. and Hirano, T. and Thomas, P.H. and Quintiere, J.Q. and Pettersson, O. and Weicheng, F. and Becker, W. and DeRis, J. },
journal={Fire Safety Journal},
volume={23},
pages={327},
year={1994}
}

@manual{EN-13823standard,
  title={Reaction to Fire Tests for Building Products – Building Products Excluding Floorings Exposed to the Thermal Attack by a Single Burning Item,},
  year={2004},
  organization={**EN**}
}

@article{ezekoye2013applications,
title={Applications of Heat Transfer Fundamentals to Fire Modeling},
author={Ezekoye, O.A. and Hurley, M.J. and Torero, J.L. and McGrattan, K.B.},
journal={Journal of Thermal Science and Engineering Applications},
volume={5},
number={2},
year={2013},
publisher={American Society of Mechanical Engineers Digital Collection}
}

@article{fiola2020comparison,
title={Comparison of Pyrolysis Properties of Extruded and Cast Poly (methyl methacrylate)},
author={Fiola, G. J. and Chaudhari, D. M. and Stoliarov, S. I.},
journal={Fire Safety Journal},
pages={103083},
year={2020},
publisher={Elsevier}
}

@article{FireFOAM,
  title={Large eddy simulation of fire plumes},
  author={Wang, Y. and Chatterjee, P. and DeRis, J.L.},
  journal={Proceedings of the Combustion Institute},
  volume={33},
  number={2},
  pages={2473--2480},
  year={2011},
  publisher={Elsevier}
}

@article{fukumoto2018large,
title={Large Eddy Simulation of Upward Flame Spread on {PMMA} Walls with a Fully Coupled Fluid-Solid Approach},
author={Fukumoto, K. and Wang, C. and Wen, J.},
journal={Combustion and Flame},
volume={190},
pages={365-387},
year={2018},
publisher={Elsevier}
}

@article{GPYRO,
title={Generalized pyrolysis model for combustible solids},
author={Lautenberger, C. and Fernandez-Pello, C.},
journal={Fire Safety Journal},
volume={44},
number={6},
pages={819--839},
year={2009},
publisher={Elsevier}
}

@article{GPYRO3D,
title={Gpyro3D: A three dimensional generalized pyrolysis model},
author={Lautenberger, C.},
journal={Fire Safety Science},
volume={11},
pages={193--207},
year={2014}
}

@article{hirata1985thermal,
title={Thermal and Oxidative Degradation of Poly (methyl methacrylate): Weight Loss},
author={Hirata, T. and Kashiwagi, T. and Brown, J. E.},
journal={Macromolecules},
volume={18},
number={7},
pages={1410-1418},
year={1985},
publisher={ACS Publications}
}

@article{ito1988characterization,
title={Characterization of flame spread over {PMMA} using holographic interferometry sample orientation effects},
author={Ito, A. and Kashiwagi, T.},
journal={Combustion and Flame},
volume={71},
number={2},
pages={189--204},
year={1988},
publisher={Elsevier}
}

@inproceedings{kashiwagi1982study,
title={{A study of Oxygen Effects on Nonflaming Transient Gasification of {PMMA} and {PE} During Thermal Irradiation}},
author={Kashiwagi , T. and Ohlemiller, T.J.},
booktitle={Symposium (International) on Combustion},
volume={19},
pages={815-823},
year={1982},
publisher={Elsevier}
}

@article{kim2012engineering,
title={Engineering guide for estimating material pyrolysis properties for fire modeling},
author={Kim, M.E. and Dembsey, N.},
journal={WPI Project Final Report},
volume={28},
year={2012}
}

@article{leventon2015flame,
title={A Flame Spread Simulation Based on a Comprehensive Solid Pyrolysis Model Coupled with a Detailed Empirical Flame Structure Representation},
author={Leventon, I. T. and Li, J. and Stoliarov, S. I.},
journal={Combustion and Flame},
volume={162},
number={10},
pages={3884-3895},
year={2015},
publisher={Elsevier}
}

@article{Leventon2022ASTM,
title={The MaCFP Condensed Phase Working Group: A Structured, Global Effort Towards Pyrolysis Model Development},
author={Leventon, I. and Batiot, B. and Bruns, M. and Hostikka, S. and Nakamura, Y. and Reszka, P. and Rogaume, T. and Stoliarov, S.},
journal={ASTM Selected Technical Papers},
year={2022},
publisher={ASTM International}
}

@misc{Leventon2022ParallelPanel, 
title={{Experimental Measurements for Fire Model Validation - Parallel Panel Tests on PMMA}}, 
author={Leventon, I.T. and Heck, M.V. and McGrattan, K.B. and Bundy, M.F. and Davis, R.D.},
publisher={IAFSS},
howpublished={\url{https://github.com/MaCFP/macfp-db/tree/master/Fire_Growth/NIST_Parallel_Panel}, Commit: 25614bd527b658fca72265ed2940ea1287e83343, DOI: \url{https://doi.org/10.18434/mds2-2812}}, 
} 


@misc{MaCFP-cond-db, 
title={{Measurement and Computation of Fire Phenomena (MaCFP) Condensed Phase Material Database}}, 
author={Batiot, B. and Bruns, M. and Hostikka, S. and Leventon, I. and Nakamura, Y. and Reszka, P. and Rogaume, T. and Stoliarov, S.},
publisher={IAFSS},
howpublished={\url{https://github.com/MaCFP/matl-db}, Commit: 77c5f3f6a6316c9bced06908f2c6b0c93c88a03d, DOI: \url{https://doi.org/10.18434/mds2-2586}}, 
} 

@misc{MaCFP-whitepaper, 
title={A proposal to create a new workshop series called the “{IAFSS} International Workshop on Measurement and Computation of Fire Phenomena”}, 
author={Merci, B. and Trouve, A.},
howpublished={\url{https://iafss.org/wp-content/uploads/MaCFP-white_paper.pdf}, Archived: \url{https://perma.cc/B2AD-6LHF}}, 
publisher={IAFSS}
} 

@manual{Marinite,
 organization  = {BNZ Materials, Inc.},
 title = {Marinite I Refractory Products - Fire-Resistant Thermal, Structural Insulation},
howpublished={\url{https://www.bnzmaterials.com/wp-content/uploads/2013/03/Mar-I.pdf} (accessed September 14, 2022)},
}


@article{mcgrattan2005fire,
title={Fire modeling: where are we? where are we going?},
author={McGrattan, K.},
journal={Fire Safety Science},
volume={8},
pages={53--68},
year={2005}
}

@article{mcgrattan2013fire,
title={Fire dynamics simulator user’s guide},
author={McGrattan, K. and Hostikka, S. McDermott, R. and Floyd, J. and Weinschenk, C. and Overholt, K.},
journal={NIST special publication},
volume={1019},
number={6},
year={2013}
}

@article{mcgrattan2012computational,
title={Computational fluid dynamics modelling of fire},
author={McGrattan, K. and McDermott, R. and Floyd, J. and Hostikka, S. and Forney, G. and Baum, H.},
journal={International Journal of Computational Fluid Dynamics},
volume={26},
number={6-8},
pages={349--361},
year={2012},
publisher={Taylor \& Francis}
}

@article{mcnamee2019iafss,
title={{IAFSS} agenda 2030 for a fire safe world},
author={McNamee, M. and Meacham, B. and van Hees, P. and Bisby, L. and Chow, W.K. and Coppalle, A. and Dobashi, R. and Dlugogorski, B. and Fahy, R. and Fleischmann, C. and Floyd, J. and Galea, E.R. and Gollner, M.J. and Hakkarainen, T. and Hamins, A. and Hu, L. and Johnson, P. and Karlsson, B. and Merci, B. and Ohmiya, Y. and Rein, G. and Trouve, A. and Wang, Y. and Weckman, B.},
journal={Fire Safety Journal},
volume={110},
pages={102889},
year={2019},
publisher={Elsevier}
}

@article{merci2016call,
title={Call for participation in the first workshop organized by the {IAFSS} Working Group on Measurement and Computation of Fire Phenomena},
author={Merci, B. and Torero, J.L. and Trouv{\'e}, A.},
journal={Fire Safety Journal},
volume={82},
pages={146--147},
year={2016},
publisher={Elsevier}
}

@article{merci2016iafss,
title={{IAFSS} working group on measurement and computation of fire phenomena},
author={Merci, B. and Torero, J.L. and Trouv{\'e}, A.},
journal={Fire technology},
volume={52},
number={3},
pages={607--610},
year={2016},
publisher={Springer}
}


@article{novozhilov2001computational,
title={Computational fluid dynamics modeling of compartment fires},
author={Novozhilov, V.},
journal={Progress in Energy and Combustion science},
volume={27},
number={6},
pages={611--666},
year={2001},
publisher={Elsevier}
}

@techreport{NUREG6850,
title={{EPRI/NRC-RES Fire PRA} Methodology for Nuclear Power Facilities:Volume 2: Detailed Methodology.},
author={Nowlen, S.P. and Najafi, B. and Wyant, F.J. and Forester, J. and Kazarians, M. and Kolaczkowski, A. and Joglar, F. and Hannaman, G. and Funk,D. and Anoba, R.},
institution={Electric Power Research Institute (EPRI), Palo Alto, CA, and U.S. Nuclear Regulatory Commission},
type={NUREG},
number={CR-6850},
address={Palo Alto, CA and Office of Nuclear Regulatory Research (RES), Rockville, MD},
year={2005}
}

@article{nyazika2019pyrolysis,
title={Pyrolysis modeling, sensitivity analysis, and optimization techniques for combustible materials: A review},
author={Nyazika, T. and Jimenez, M. and Samyn, F. and Bourbigot, S.},
journal={Journal of fire sciences},
volume={37},
number={4-6},
pages={377--433},
year={2019},
publisher={Sage Publications Sage UK: London, England}
}

@misc{PreliminarySummary, 
title={Preliminary Summary of Experimental Measurements: Predecisional Draft Report Submitted to the 2021 {MaCFP} Condensed Phase Workshop}, 
author={Batiot, B. and Bruns, M. and Hostikka, S. and Leventon, I. and Nakamura, Y. and Reszka, P. and Rogaume, T. and Stoliarov, S.},
howpublished={\url{https://github.com/MaCFP/matl-db/releases/download/v1.0.0/MaCFP_2021_Report_Part_I_Experimental.pdf}, archived: \url{https://perma.cc/T6LR-95A2}}, 
publisher={IAFSS}
} 

@article{pizzo2009width,
title={Width effects on the early stage of upward flame spread over {PMMA} slabs: Experimental observations},
author={Pizzo, Y. and Consalvi, J-L. and Querre, P. and Coutin, M. and Porterie, B.},
journal={Fire safety journal},
volume={44},
number={3},
pages={407--414},
year={2009},
publisher={Elsevier}
}

@article{rhodes1996burning,
title={Burning Rate and Flame Heat Flux for {PMMA} in a Cone Calorimeter},
author={Rhodes, B. T. and Quintiere, J. G.},
journal={Fire Safety Journal},
volume={26},
number={3},
pages={221-240},
year={1996},
publisher={Elsevier}
}

@INCOLLECTION{SFPEHandbookCFD,
AUTHOR={McGrattan, K. and Miles, S.},
TITLE={{Modeling Fires Using Computational Fluid Dynamics ({CFD}) }},
BOOKTITLE={SFPE Handbook of Fire Protection Engineering},
edition={5th},
PUBLISHER={Springer},
address={New York, NY},
YEAR={2016},
Chapter={32},
PAGES={1034--1065}
}

@book{siegel2002thermal,
  title={Thermal radiation heat transfer},
  author={Siegel, R. and Howell, J.R.},
  edition={4th},
  year={2002},
  PAGES={533},
  publisher={Taylor \& Francis}
}

@inproceedings{SIERRA-Fuego,
title={SIERRA/Fuego: A multi-mechanics fire environment simulation tool},
author={Domino, S. and Moen, C. and Burns, S. and Evans, G.},
booktitle={41st Aerospace Sciences Meeting and Exhibit},
pages={149},
year={2003}
}


@article{stoliarov2008thermo,
title={Thermo-kinetic model of burning for pyrolyzing materials},
author={Stoliarov, S.I. and Lyon, R.E.},
journal={Fire Safety Science},
volume={9},
pages={1141--1152},
year={2008}
}

@article{stoliarov2009effect,
title={The effect of variation in polymer properties on the rate of burning},
author={Stoliarov, S.I. and Safronava, N. and Lyon, R.E.},
journal={Fire and Materials: An International Journal},
volume={33},
number={6},
pages={257--271},
year={2009},
publisher={Wiley Online Library}
}

@article{stoliarov2014two,
title={Two-dimensional model of burning for pyrolyzable solids},
author={Stoliarov, S.I. and Leventon, I.T. and Lyon, R.E.},
journal={Fire and Materials},
volume={38},
number={3},
pages={391--408},
year={2014},
publisher={Wiley Online Library}
}

@article{suard2011verification,
title={Verification and validation of a {CFD} model for simulations of large-scale compartment fires},
author={Suard, S. and Lapuerta, C. and Babik, F. and Rigollet, L.},
journal={Nuclear engineering and design},
volume={241},
number={9},
pages={3645--3657},
year={2011},
publisher={Elsevier}
}

@article{tewarson1992fire,
title={Fire Behavior of Polymethylmethacrylate},
author={Tewarson, A. and Ogden, S. D.},
journal={Combustion and flame},
volume={89},
number={3-4},
pages={237-259},
year={1992},
publisher={Elsevier}
}

@article{vermina2017review,
title={A review on prediction models for full-scale fire behaviour of building products},
author={Vermina Lundstr{\"o}m, F. and van Hees, P. and Guillaume, E.},
journal={Fire and materials},
volume={41},
number={3},
pages={225--244},
year={2017},
publisher={Wiley Online Library}
}

@article{xie2009embedded,
title={An embedded upward flame spread model using 2D direct numerical simulations},
author={Xie, W. and DesJardin, P.},
journal={Combustion and Flame},
volume={156},
number={2},
pages={522--530},
year={2009},
publisher={Elsevier}
}